michal@michal-ThinkPad-X230.4661:1596431911