@ARTICLE{PseudoLabel,
author = {Lee, Dong-Hyun},
year = {2013},
month = {07},
pages = {},
title = {Pseudo-Label : The Simple and Efficient Semi-Supervised Learning Method for Deep Neural Networks},
journal = {ICML 2013 Workshop : Challenges in Representation Learning (WREPL)}
}

@BOOK{Semi-Supervised-Book,
author = {Chapelle, Olivier and Sch\"{o}lkopf, Bernhard and Zien, Alexander},
title = {Semi-Supervised Learning (Adaptive Computation and Machine Learning)},
year = {2006},
isbn = {0262033585},
publisher = {The MIT Press}
}

@BOOK{Goodfellow-et-al-2016,
    title={Deep Learning},
    author={Ian Goodfellow and Yoshua Bengio and Aaron Courville},
    publisher={MIT Press},
    note={http://www.deeplearningbook.org},
    year={2016}
}

@ARTICLE{Dropout,
author = {Srivastava, Nitish and Hinton, Geoffrey and Krizhevsky, Alex and Sutskever, Ilya and Salakhutdinov, Ruslan},
year = {2014},
month = {06},
pages = {1929-1958},
title = {Dropout: A Simple Way to Prevent Neural Networks from Overfitting},
volume = {15},
journal = {Journal of Machine Learning Research}
}

@ARTICLE{NPLM,
author = {Bengio, Y. and Ducharme, RÃ©jean and Vincent, Pascal},
year = {2000},
month = {01},
pages = {932-938},
title = {A Neural Probabilistic Language Model},
volume = {3},
journal = {Journal of Machine Learning Research},
doi = {10.1162/153244303322533223}
}
@ARTICLE{EntMin,
author = {Grandvalet, Yves and Bengio, Y.},
year = {2004},
month = {01},
pages = {},
title = {Semi-supervised Learning by Entropy Minimization},
volume = {17},
journal = {Adv. Neural Inform. Process. Syst.}
}
  
