@ARTICLE{2020arXiv200107685S,
       author = {{Sohn}, Kihyuk and {Berthelot}, David and {Li}, Chun-Liang and
         {Zhang}, Zizhao and {Carlini}, Nicholas and {Cubuk}, Ekin D. and
         {Kurakin}, Alex and {Zhang}, Han and {Raffel}, Colin},
        title = "{FixMatch: Simplifying Semi-Supervised Learning with Consistency and Confidence}",
      journal = {arXiv e-prints},
     keywords = {Computer Science - Machine Learning, Computer Science - Computer Vision and Pattern Recognition, Statistics - Machine Learning},
         year = 2020,
        month = jan,
          eid = {arXiv:2001.07685},
        pages = {arXiv:2001.07685},
archivePrefix = {arXiv},
       eprint = {2001.07685},
 primaryClass = {cs.LG},
       adsurl = {https://ui.adsabs.harvard.edu/abs/2020arXiv200107685S},
      adsnote = {Provided by the SAO/NASA Astrophysics Data System}
}


